@article{codella,
  author       = {Codella, N. and Rotemberg, V. and Tschandl, P. and Celebi, M.E. and Dusza, S. and Gutman, D. and Helba, B. and Kalloo, A. and Liopyris, K. and Marchetti, M. and Kittler, H. and Halpern, A.},
  title        = {Skin Lesion Analysis Toward Melanoma Detection 2018: A Challenge Hosted by the International Skin Imaging Collaboration (ISIC)},
  journaltitle = {arXiv},
  year         = {2019},
  doi          = {https://doi.org/10.48550/arXiv.1902.03368}
}

@incollection{mitchell,
  author       = {Mitchell, T.C. and Karakousis, G. and Schuchter, L.},
  title        = {Melanoma},
  booktitle    = {Niederhuber JE,. Armitage J.O, Doroshow J.H.},
  publisher    = {Elsevier},
  address      = {Philadelphia, Pa},
  chapter      = {66},
  year         = {2020}
}

@article{esteva,
  author       = {Esteva, A. and Kuprel, B. and Novoa, R.A. and Ko, J. and Swetter, S.M. and Blau, H.M. and Thrun, S.},
  title        = {Dermatologist-level classification of skin cancer with deep neural networks},
  journaltitle = {Nature},
  volume       = {542},
  number       = {7639},
  pages        = {115-118},
  year         = {2017}
}

@article{fujisawa,
  author       = {Fujisawa, Y. and Inoue, S. and Nakamura, Y.},
  title        = {The Possibility of Deep Learning-Based, Computer-Aided Skin Tumor Classifiers Frontiers in Medicine 6},
  pages        = {191},
  year         = {2019},
  doi          = {https://doi.org/10.3389/fmed.2019.00191}
}

@article{ningrum,
  author       = {Ningrum, D.N.A. and Yuan, S.P. and Kung, W.M. and Wu, C.C. and Tzeng, I.S. and Huang, C.Y. and Li, J.Y.C. and Wang, Y.C.},
  title        = {Deep Learning Classifier with Patients Metadata of Dermoscopic Images in Malignant Melanoma Detection. Journal of Multidisciplinary Healthcare 14},
  pages        = {877-885},
  year         = {2021}
}

@misc{cnn,
  title        = {Red neuronal convolucional},
  howpublished = {\url{https://es.wikipedia.org/wiki/Red_neuronal_convolucional}},
  year         = {2022},
  note         = {Accedido el 11 de mayo de 2023}
}

@article{tan,
  author       = {Tan, M. and Le, Q.V.},
  title        = {EfficientNet: Rethinking Model Scaling for Convolutional Neural Networks},
  journaltitle = {arXiv},
  year         = {2019},
  doi          = {https://doi.org/https://arxiv.org/abs/1905.11946v5}
}
